[gd_scene load_steps=14 format=3 uid="uid://bhx3oolkpr6la"]

[ext_resource type="PackedScene" uid="uid://drq72colon5mb" path="res://Scenes/Managers (Scenes)/Game Manager.tscn" id="1_iq4bi"]
[ext_resource type="PackedScene" uid="uid://cemnmgmqx8fcl" path="res://Scenes/Objects (Scenes)/Player.tscn" id="2_32dw4"]
[ext_resource type="PackedScene" uid="uid://5syi1lldduwo" path="res://Scenes/Concepts (Scenes)/_Camera2D.tscn" id="3_380fm"]
[ext_resource type="PackedScene" uid="uid://cdqd3dyx55cjw" path="res://Scenes/Objects (Scenes)/End.tscn" id="4_2itih"]
[ext_resource type="PackedScene" uid="uid://dbtxlv0jjqifv" path="res://Scenes/Objects (Scenes)/Wall.tscn" id="5_2mds3"]
[ext_resource type="PackedScene" uid="uid://dnyg8m4s1ypv2" path="res://Scenes/Objects (Scenes)/Weightpads (Scenes)/Flip Doors Weightpad 2.tscn" id="7_wd6n7"]
[ext_resource type="PackedScene" uid="uid://c14u6wqa2xjf" path="res://Scenes/Objects (Scenes)/Door.tscn" id="8_e3h5r"]
[ext_resource type="PackedScene" uid="uid://2xe6knvc66au" path="res://Scenes/Objects (Scenes)/Doors (Scenes)/Time Door.tscn" id="8_m4yj5"]
[ext_resource type="PackedScene" uid="uid://uluy66u7afnn" path="res://Scenes/Objects (Scenes)/Doors (Scenes)/Clone Door.tscn" id="8_omsh3"]
[ext_resource type="PackedScene" uid="uid://b4kaofjimiqg6" path="res://Scenes/Objects (Scenes)/Weightpads (Scenes)/Weightpad 2.tscn" id="10_kqt2x"]
[ext_resource type="PackedScene" uid="uid://to61qelbich5" path="res://Scenes/Objects (Scenes)/Ground.tscn" id="11_o537s"]
[ext_resource type="PackedScene" uid="uid://cwjt7p338by5e" path="res://Scenes/Objects (Scenes)/Doors (Scenes)/Trap Door.tscn" id="12_vg84g"]
[ext_resource type="PackedScene" uid="uid://dvlaoxg3tk41k" path="res://Scenes/Objects (Scenes)/Doors (Scenes)/Anti Time Door.tscn" id="13_xnvlt"]

[node name="8" type="Node2D"]

[node name="GameManager" parent="." node_paths=PackedStringArray("gameplayCamera") instance=ExtResource("1_iq4bi")]
unique_name_in_owner = true
position = Vector2(-128, 64)
gameplayCamera = NodePath("../_Camera2D")

[node name="Player" parent="." instance=ExtResource("2_32dw4")]
unique_name_in_owner = true
position = Vector2(-256, 0)

[node name="_Camera2D" parent="." instance=ExtResource("3_380fm")]
unique_name_in_owner = true
position = Vector2(-256, 64)
zoom = Vector2(1.286, 1.286)
targetZoom = Vector2(1.286, 1.286)

[node name="End" parent="." instance=ExtResource("4_2itih")]
unique_name_in_owner = true
position = Vector2(3.05176e-05, 256)

[node name="Wall" parent="." instance=ExtResource("5_2mds3")]
position = Vector2(-384, 256)

[node name="Wall18" parent="." instance=ExtResource("5_2mds3")]
position = Vector2(-256, 256)

[node name="Wall3" parent="." instance=ExtResource("5_2mds3")]
position = Vector2(-128, 256)

[node name="Wall14" parent="." instance=ExtResource("5_2mds3")]
position = Vector2(0, 384)

[node name="Wall20" parent="." instance=ExtResource("5_2mds3")]
position = Vector2(128, 384)

[node name="Wall27" parent="." instance=ExtResource("5_2mds3")]
position = Vector2(256, 256)

[node name="Wall4" parent="." instance=ExtResource("5_2mds3")]
position = Vector2(0, 128)

[node name="Wall15" parent="." instance=ExtResource("5_2mds3")]
position = Vector2(256, 128)

[node name="Wall22" parent="." instance=ExtResource("5_2mds3")]
position = Vector2(256, 0)

[node name="Wall6" parent="." instance=ExtResource("5_2mds3")]
position = Vector2(128, -128)

[node name="Wall7" parent="." instance=ExtResource("5_2mds3")]
position = Vector2(0, -128)

[node name="Wall8" parent="." instance=ExtResource("5_2mds3")]
position = Vector2(-128, -128)

[node name="Wall9" parent="." instance=ExtResource("5_2mds3")]
position = Vector2(-512, 384)

[node name="Wall10" parent="." instance=ExtResource("5_2mds3")]
position = Vector2(-768, 0)

[node name="Wall23" parent="." instance=ExtResource("5_2mds3")]
position = Vector2(-640, 384)

[node name="Wall25" parent="." instance=ExtResource("5_2mds3")]
position = Vector2(-768, 128)

[node name="Wall26" parent="." instance=ExtResource("5_2mds3")]
position = Vector2(-768, 256)

[node name="Wall24" parent="." instance=ExtResource("5_2mds3")]
position = Vector2(-640, -128)

[node name="Wall11" parent="." instance=ExtResource("5_2mds3")]
position = Vector2(-512, -256)

[node name="Wall12" parent="." instance=ExtResource("5_2mds3")]
position = Vector2(-384, -256)

[node name="Wall13" parent="." instance=ExtResource("5_2mds3")]
position = Vector2(-256, -256)

[node name="Clone Door" parent="." instance=ExtResource("8_omsh3")]
position = Vector2(-448, 0)
affectedByTimeDoors = false

[node name="Clone Door2" parent="." instance=ExtResource("8_omsh3")]
position = Vector2(-192, 128)
affectedByTimeDoors = false

[node name="Flip Doors Weightpad 2" parent="." instance=ExtResource("7_wd6n7")]
position = Vector2(-640, 0)

[node name="White Door" parent="." instance=ExtResource("8_e3h5r")]
position = Vector2(64, 0)

[node name="White Door2" parent="." instance=ExtResource("8_e3h5r")]
position = Vector2(128, 64)
rotation = 1.5708
open = true

[node name="White Door3" parent="." instance=ExtResource("8_e3h5r")]
position = Vector2(128, 192)
rotation = 1.5708

[node name="White Door4" parent="." instance=ExtResource("8_e3h5r")]
position = Vector2(64, 256)
open = true

[node name="Time Door" parent="." instance=ExtResource("8_m4yj5")]
position = Vector2(-448, 128)

[node name="White Weightpad 2" parent="." node_paths=PackedStringArray("toggleDoors") instance=ExtResource("10_kqt2x")]
position = Vector2(-256, -128)
toggleDoors = [NodePath("../White Door"), NodePath("../White Door2"), NodePath("../White Door3"), NodePath("../White Door4")]

[node name="Ground" parent="." instance=ExtResource("11_o537s")]
position = Vector2(-512, 128)

[node name="Ground16" parent="." instance=ExtResource("11_o537s")]
position = Vector2(-640, 128)

[node name="Ground17" parent="." instance=ExtResource("11_o537s")]
position = Vector2(-640, 256)

[node name="Ground18" parent="." instance=ExtResource("11_o537s")]
position = Vector2(-512, 256)

[node name="Ground2" parent="." instance=ExtResource("11_o537s")]
position = Vector2(-384, 128)

[node name="Ground19" parent="." instance=ExtResource("11_o537s")]
position = Vector2(-256, 128)

[node name="Ground20" parent="." instance=ExtResource("11_o537s")]
position = Vector2(-128, 128)

[node name="Ground3" parent="." instance=ExtResource("11_o537s")]
position = Vector2(-384, 0)

[node name="Ground4" parent="." instance=ExtResource("11_o537s")]
position = Vector2(-512, 0)

[node name="Ground5" parent="." instance=ExtResource("11_o537s")]
position = Vector2(-640, 0)

[node name="Ground6" parent="." instance=ExtResource("11_o537s")]
position = Vector2(-512, -128)

[node name="Ground7" parent="." instance=ExtResource("11_o537s")]
position = Vector2(-384, -128)

[node name="Ground8" parent="." instance=ExtResource("11_o537s")]
position = Vector2(-256, -128)

[node name="Ground9" parent="." instance=ExtResource("11_o537s")]
position = Vector2(-256, 0)

[node name="Ground10" parent="." instance=ExtResource("11_o537s")]
position = Vector2(-128, 0)

[node name="Ground11" parent="." instance=ExtResource("11_o537s")]

[node name="Ground12" parent="." instance=ExtResource("11_o537s")]
position = Vector2(128, 0)

[node name="Ground13" parent="." instance=ExtResource("11_o537s")]
position = Vector2(0, 256)

[node name="Ground14" parent="." instance=ExtResource("11_o537s")]
position = Vector2(128, 256)

[node name="Ground15" parent="." instance=ExtResource("11_o537s")]
position = Vector2(128, 128)

[node name="Trap Door" parent="." instance=ExtResource("12_vg84g")]
position = Vector2(-320, -128)

[node name="Trap Door2" parent="." instance=ExtResource("12_vg84g")]
position = Vector2(-384, 64)
rotation = 1.5708
affectedByTimeDoors = false

[node name="Trap Door3" parent="." instance=ExtResource("12_vg84g")]
position = Vector2(-512, 64)
rotation = 1.5708
affectedByTimeDoors = false

[node name="Trap Door4" parent="." instance=ExtResource("12_vg84g")]
position = Vector2(-320, 128)

[node name="Trap Door5" parent="." instance=ExtResource("12_vg84g")]
position = Vector2(-576, 128)

[node name="Trap Door7" parent="." instance=ExtResource("12_vg84g")]
position = Vector2(-576, 256)

[node name="Trap Door6" parent="." instance=ExtResource("12_vg84g")]
position = Vector2(-256, -64)
rotation = 1.5708

[node name="Anti Time Door" parent="." instance=ExtResource("13_xnvlt")]
position = Vector2(-448, -128)
